% https://www.bibtex.com/g/bibtex-format/

@book{Landau1909,
    title       = "Handbuch der Lehre von der Verteilung der Primzahlen",
    author      = "Edmund Landau",
    publisher   = "Leipzig B.G. Teubner",
    year        = "1909",
    url         = "https://archive.org/details/handbuchderlehre01landuoft/"
}

@book{Bachmann1894,
    title       = "Die Analytische Zahlentheorie",
    author      = "Bachmann, Paul Gustav Heinrich",
    publisher   = "Leipzig B.G. Teubner",
    year        = "1894",
    url         = "https://archive.org/details/dieanalytischeza00bachuoft/"
}

@book{Rudin1953,
    title       = "Principles of Mathematical Analysis",
    author      = "Rudin, Walter",
    publisher   = "McGraw Hill",
    year        = "1953"
}
